% This file was created with JabRef 2.3.1.
% Encoding: UTF-8

@ARTICLE{baker1991stack,
  author = {Baker, T.P.},
  title = {Stack-based scheduling of realtime processes},
  journal = {Real-Time Systems},
  year = {1991},
  volume = {3},
  pages = {67--99},
  number = {1},
  issn = {0922-6443},
  publisher = {Springer}
}

@INPROCEEDINGS{key-6,
  author = {Baker, Theodore P.},
  title = {Multiprocessor {EDF} and Deadline Monotonic Schedulability Analysis},
  booktitle = {RTSS},
  year = {2003},
    pages = {120--},
  }


@INPROCEEDINGS{barrosmanaging,
  author = {Barros, A. and Pinho, L.M.},
  title = {Managing contention of software transactional memory in real-time
	systems},
  year = {2011},
  booktitle = {IEEE RTSS, Work-In-Progress},
  }

@INPROCEEDINGS{Baruah:2007:TMG:1338441.1338647,
  author = {Baruah, Sanjoy},
  title = {Techniques for Multiprocessor Global Schedulability Analysis},
  booktitle = {RTSS},
  year = {2007},
    pages = {119--128},
  }


@ARTICLE{Baruah:2010:IMG:1842593.1842607,
  author = {Baruah, Sanjoy and Bonifaci, Vincenzo and Marchetti-Spaccamela, Alberto
	and Stiller, Sebastian},
  title = {Improved multiprocessor global schedulability analysis},
  journal = {Real-Time Syst.},
  year = {2010},
  volume = {46},
  pages = {3--24},
  month = {September},
  }

@INPROCEEDINGS{key-2,
  author = {Bertogna, Marko and Cirinei, Michele},
  title = {Response-Time Analysis for Globally Scheduled Symmetric Multiprocessor
	Platforms},
  booktitle = {RTSS},
  year = {2007},
    pages = {149--160},
  }


@ARTICLE{Bertogna:2009:SAG:1515608.1515674,
  author = {Bertogna, Marko and Cirinei, Michele and Lipari, Giuseppe},
  title = {Schedulability Analysis of Global Scheduling Algorithms on Multiprocessor
	Platforms},
  journal = {IEEE TPDS.},
  year = {2009},
  volume = {20},
  pages = {553--566},
   issue = {4},
 }


@INPROCEEDINGS{Bertogna:2005:ISA:1084012.1084162,
  author = {Bertogna, Marko and Cirinei, Michele and Lipari, Giuseppe},
  title = {Improved Schedulability Analysis of {EDF} on Multiprocessor Platforms},
  booktitle = {ECRTS},
  year = {2005},
  pages = {209--218},
  }

@INPROCEEDINGS{key-4,
  title={A flexible real-time locking protocol for multiprocessors},
  author={Block, A. and Leontyev, H. and Brandenburg, B.B. and Anderson, J.H.},
  booktitle={13th IEEE International Conference on Embedded and Real-Time Computing Systems and Applications},
  series={RTCSA}
  pages={47--56},
  year={2007},
  organization={IEEE}
}

	
@CONFERENCE{brandenburg2008implementation,
  author = {Brandenburg, B.B. and Anderson, J.H.},
  title = {An Implementation of the {PCP, SRP, D-PCP, M-PCP}, and {FMLP} Real-Time
	Synchronization Protocols in {LITMUS-{RT}} },
  booktitle = {RTCSA},
  year = {2008},
  pages = {185--194},
  }

@INPROCEEDINGS{key-3,
  author = {Brandenburg, Bjorn B. and Anderson, James H.},
  title = {Optimality Results for Multiprocessor Real-Time Locking},
  booktitle = {RTSS},
  year = {2010},
    pages = {49--60},
  }

@TECHREPORT{chen1998multiprocessor,
  author = {Chen, C.M. and Tripathi, S.K.},
  title = {Multiprocessor priority ceiling based protocols},
  year = {1998},
  institution = {UM Computer Science Department},
  number = {CS-TR-3252},
}

@ARTICLE{chen1990dynamic,
  author = {Chen, M.I. and Lin, K.J.},
  title = {Dynamic priority ceilings: A concurrency control protocol for real-time
	systems},
  journal = {Real-Time Systems},
  year = {1990},
  volume = {2},
  pages = {325--346},
  number = {4}
}

@INPROCEEDINGS{key-5,
  author = {Devi, UmaMaheswari C. and Leontyev, Hennadiy and Anderson, James
	H.},
  title = {Efficient Synchronization under Global {EDF} Scheduling on Multiprocessors},
  booktitle = {ECRTS},
  year = {2006},
  pages = {75--84},
  }

@CONFERENCE{easwaran2009resource,
  author = {Easwaran, A. and Andersson, B.},
  title = {Resource sharing in global fixed-priority preemptive multiprocessor
	scheduling},
  booktitle = {RTSS},
  year = {2009},
  pages = {377--386}
}

@PHDTHESIS{key-1,
  author = {Sherif F. Fahmy},
  title = {Collaborative Scheduling and Synchronization of Distributable Real-Time
	Threads},
  school = {Virginia Tech},
  year = {2010},
}
@CONFERENCE{gai2003comparison,
  author = {Gai, P. and Di Natale, M. and others},
  title = {A comparison of {MPCP} and {MSRP} when sharing resources in the {Janus}
	multiple-processor on a chip platform},
  booktitle = {RTAS},
  year = {2003},
  pages = {189--198},
  }

@ARTICLE{Goossens:2003:PSP:876600.876615,
  author = {Goossens, Jo\"{e}l and Funk, Shelby and Baruah, Sanjoy},
  title = {Priority-Driven Scheduling of Periodic Task Systems on Multiprocessors},
  journal = {Real-Time Syst.},
  year = {2003},
  volume = {25},
  pages = {187--205},
  month = {September}
  }

@ARTICLE{holman2006locking,
  author = {Holman, P. and Anderson, J.H.},
  title = {Locking under Pfair scheduling},
  journal = {TOCS},
  year = {2006},
  volume = {24},
  pages = {140--174},
  number = {2}
}

@CONFERENCE{lakshmanan2009coordinated,
  author = {Lakshmanan, K. and de Niz, D. and Rajkumar, R.},
  title = {Coordinated task scheduling, allocation and synchronization on multiprocessors},
  booktitle = {RTSS},
  year = {2009},
  pages = {469--478}
}

@ARTICLE{lopez2004utilization,
  author = {Lopez, JM and Diaz, JL and Garcia, DF},
  title = {Utilization bounds for {EDF} scheduling on real-time multiprocessor systems},
  journal = {Real-Time Systems},
  year = {2004},
  volume = {28},
  pages = {39--68},
  number = {1}
}


@CONFERENCE{rajkumar2002real,
  author = {Rajkumar, R.},
  title = {Real-time synchronization protocols for shared memory multiprocessors},
  booktitle = {ICDCS},
  year = {2002},
  pages = {116--123},
  isbn = {081862048X}
}

@BOOK{Rajkumar:1991:SRS:532621,
  title = {Synchronization in Real-Time Systems: A Priority Inheritance Approach},
  publisher = {Kluwer Academic Publishers},
  year = {1991},
  author = {Rajkumar, Ragunathan},
  address = {Norwell, MA, USA},
  isbn = {0792392116}
}

@ARTICLE{sha1990priority,
  author = {Sha, L. and Rajkumar, R. and Lehoczky, J.P.},
  title = {Priority inheritance protocols: An approach to real-time synchronization},
  journal = {IEEE Transactions on computers},
  year = {1990},
  pages = {1175--1185},
  issn = {0018-9340}
}
@inproceedings{brandenburg2008comparison,
   author = {Brandenburg, Björn and Anderson, James},
   title = {A Comparison of the M-PCP, D-PCP, and FMLP on LITMUS RT},
   booktitle = {Principles of Distributed Systems},
   series = {Lecture Notes in Computer Science},
   editor = {Baker, Theodore and Bui, Alain and Tixeuil, Sébastien},
   publisher = {Springer Berlin / Heidelberg},
   pages = {105-124},
   volume = {5401},
   year = {2008}
}

@CONFERENCE{manson2006preemptible,
  author = {Manson, J. and Baker, J. and others},
  title = {Preemptible atomic regions for real-time {Java}},
  booktitle = {RTSS},
  year = {2006},
  pages = {10--71},
  isbn = {0769524907},
  issn = {1052-8725}
}

@Incollection{anderson1997lock,
  author = {Anderson, J.H. and Ramamurthy, S. and Moir, M. and Jeffay, K.},
  title = {Lock-free transactions for real-time systems},
  booktitle = {Real-Time Databases: Issues and Applications},
  year = {1997},
  publisher = {Kluwer},
  pages = {215--234},
  }
@Incollection{anderson1997implementing,
  author = {Anderson, J. H. and Jain, R. and Ramamurthy, S.},
  title = {Implementing Hard Real-Time Transactions on Multiprocessors},
  booktitle = {Real-Time Database and Information Systems: Research Advances},
  year = {1997},
  publisher = {Kluwer},
  pages = {247--260},
  issn = {0893-3405}
}
@CONFERENCE{fahmy2009bounding,
  author = {Fahmy, S.F. and Ravindran, B. and Jensen, E. D.},
  title = {On bounding response times under software transactional memory in distributed multiprocessor real-time systems},
  booktitle = {DATE},
  year = {2009},
  pages = {688--693},
  issn = {1530-1591}
}
@CONFERENCE{fahmy2009response,
  author = {Fahmy, S.F. and Ravindran, B. and Jensen, ED},
  title = {Response time analysis of software transactional memory-based distributed
	real-time systems},
  booktitle = {ACM SAC},
  year = {2009},
  pages = {334--338}
}
@CONFERENCE{sarni2009real,
  author = {Sarni, T. and Queudet, A. and Valduriez, P.},
  title = {Real-Time Support for Software Transactional Memory},
  booktitle = {RTCSA},
  year = {2009},
  pages = {477--485},
  issn = {1533-2306}
}

@CONFERENCE{schoeberl2010rttm,
  author = {Schoeberl, M. and Brandner, F. and Vitek, J.},
  title = {{RTTM}: Real-time transactional memory},
  booktitle = {ACM SAC},
  year = {2010},
  pages = {326--333}
}

@article{shavit2011data,
  title={{Data structures in the multicore age}},
  author={Shavit, N.},
  journal={Communications of the ACM},
  volume={54},
  number={3},
  pages={76--84},
  issn={0001-0782},
  year={2011},
  publisher={ACM}
}
@article{holman2006supporting,
  title={{Supporting lock-free synchronization in Pfair-scheduled real-time systems}},
  author={Holman, P. and Anderson, J.H.},
  journal={Journal of Parallel and Distributed Computing},
  volume={66},
  number={1},
  pages={47--67},
  issn={0743-7315},
  year={2006},
  publisher={Elsevier}
}
@InProceedings{anderson96framework,
	author = "J. Anderson and S. Ramamurthy",
	title = "A framework for implementing objects and scheduling tasks in lock-free real-time systems",
	booktitle = "RTSS",
	pages = "92--105",
	year = "1996"
}
@InProceedings{anderson95realtime,
	author = "J. Anderson and S. Ramamurthy and K. Jeffay",
	title = "Real-Time Computing with Lock-Free Shared Objects",
	booktitle = "RTSS",
	pages = "28--37",
	year = "1995"
}

@phdthesis{austenmc:tcc:dissertation:2009,
  author        = {McDonald, Austen},
  title         = {{Architectures for Transactional Memory}},
  school        = {Stanford University},
  month         = {June},
  year          = {2009}
}
@article{srinivasan2002deadline,
  title={{Deadline-based scheduling of periodic task systems on multiprocessors}},
  author={Srinivasan, A. and Baruah, S.},
  journal={Information Processing Letters},
  volume={84},
  number={2},
  pages={93--98},
  issn={0020-0190},
  year={2002},
  publisher={Elsevier}
}
@PhDThesis{holman-thesis04,
	author = "Philip L. Holman",
	title = "On the implementation of pfair-scheduled multiprocessor systems",
	year = "2004",
	school = "University of North Carolina, Chapel Hill"
}

@inproceedings{Saha:2006:MHP:1122971.1123001,
 author = {Saha, Bratin and Adl-Tabatabai, Ali-Reza and others},
 title = {{McRT-STM}: a high performance software transactional memory system for a multi-core runtime},
 booktitle = {PPoPP},
  year = {2006},
  pages = {187--197},
 numpages = {11},
 } 
 @inproceedings{Herlihy:2006:AMP:1146381.1146382,
 author = {Herlihy, Maurice},
 title = {The art of multiprocessor programming},
 booktitle = {PODC},
 year = {2006},
 isbn = {1-59593-384-0},
 pages = {1--2},
 } 
@InProceedings{bc+08,
	author = "Bjorn B. Brandenburg and  others",
	title = "Real-Time Synchronization on Multiprocessors: To Block or Not to Block, to Suspend or Spin?",
	booktitle = "RTAS",
	year = "2008",
	pages = "342--353"
}
@BOOK{buttazzo2005hard,
  title = {Hard real-time computing systems: predictable scheduling algorithms
	and applications},
  publisher = {Springer-Verlag New York Inc},
  year = {2005},
  author = {Buttazzo, G.C.},
  isbn = {0387231374}
}

@inproceedings{sha95,
 author = {Shavit, Nir and Touitou, Dan},
 title = {Software transactional memory},
 booktitle = {PODC},
 year = {1995},
 isbn = {0-89791-710-3},
 pages = {204--213},
}

@Article{ MultiProcLockFree,
	author = "Philip Holman and James H. Anderson",
	title = "Supporting lock-free synchronization in {Pfair}-scheduled real-time systems",
	journal = "J. Parallel Distrib. Comput.",
	volume = "66",
	number = "1",
	year = "2006",
	issn = "0743-7315",
	pages = "47--67"
}

@inproceedings{Guerraoui:2005:TTT:1073814.1073863,
 author = {Guerraoui, Rachid and Herlihy, Maurice and Pochon, Bastian},
 title = {Toward a theory of transactional contention managers},
 booktitle = {PODC},
  year = {2005},
 pages = {258--264},
}
 
@CONFERENCE{stmconcurrencycontrol:emsoft11,
  author = {Elshambakey, M. and Ravindran, B.},
  title = {STM Concurrency Control for Multicore Embedded Real-Time Software: Time Bounds and Tradeoffs},
  booktitle = {SAC},
  year = {2012},
}

@book{tm-book10,
author = {Tim Harris and James Larus and Ravi Rajwar},
title = {Transactional Memory},
Edition = {2nd.},
Publisher = {Morgan \& Claypool Publishers},
year = {2010},
month = {December}
}

@inproceedings{dellinger2011chronos,
  author = {Dellinger, Matthew and Garyali, Piyush and Ravindran, Binoy},
 title = {ChronOS Linux: a best-effort real-time multiprocessor Linux kernel},
 booktitle = {Proceedings of the 48th Design Automation Conference},
 series = {DAC '11},
 year = {2011},
 isbn = {978-1-4503-0636-2},
 location = {San Diego, California},
 pages = {474--479},
 numpages = {6},
 url = {http://doi.acm.org/10.1145/2024724.2024836},
 doi = {10.1145/2024724.2024836},
 acmid = {2024836},
 publisher = {ACM},
 address = {New York, NY, USA},
 keywords = {Linux, real-time, task scheduling},
}

@inproceedings{marathe2006lowering,
  title={Lowering the overhead of nonblocking software transactional memory},
  author={Marathe, V.J. and Spear, M.F. and Heriot, C. and Acharya, A. and Eisenstat, D. and Scherer III, W.N. and Scott, M.L.},
  booktitle={Workshop on Languages, Compilers, and Hardware Support for Transactional Computing},
  series = {TRANSACT}
  year={2006}
}

@techreport{zhangenhancing,
  title={On enhancing concurrency in distributed transactional memory},
  author={Zhang, B. and Ravindran, B.},
  institution={Technical report, Virginia Tech, 2010. http://www. real-time. ece. vt. edu/dependence\_dtm\_TR. pdf}
}

@inproceedings{Zhang:2010:BAE:1835698.1835715,
 author = {Zhang, Bo and Ravindran, Binoy},
 title = {Brief announcement: on enhancing concurrency in distributed transactional memory},
 booktitle = {Proceedings of the 29th ACM SIGACT-SIGOPS symposium on Principles of distributed computing},
 series = {PODC '10},
 year = {2010},
 isbn = {978-1-60558-888-9},
 location = {Zurich, Switzerland},
 pages = {73--74},
 numpages = {2},
 acmid = {1835715},
 publisher = {ACM},
 address = {New York, NY, USA},
 keywords = {concurrency, transactional memory},
} 

@article{Ramadan:2009:CCT:1594835.1504201,
 author = {Ramadan, Hany E. and Roy, Indrajit and Herlihy, Maurice and Witchel, Emmett},
 title = {Committing conflicting transactions in an STM},
 journal = {SIGPLAN Not.},
 issue_date = {April 2009},
 volume = {44},
 issue = {4},
 month = {February},
 year = {2009},
 issn = {0362-1340},
 pages = {163--172},
 numpages = {10},
 acmid = {1504201},
 publisher = {ACM},
 address = {New York, NY, USA},
 keywords = {concurrency control, dependence-aware, serializability, transactional memory},
} 

@techreport{stmconcurrencycontrol_techreport,
  author =       "Mohammed El-Shambakey and Binoy Ravindran",
  title =        "On the design of real-time STM contention Managers",
  institution =  "ECE Department, Virginia Tech",
  year =         "2011",
  Note = {Available as \url{http://www.real-time.ece.vt.edu/tech-report-rt-stm-cm11.pdf} }
}

@INPROCEEDINGS{6045438,
author={Fahmy, S. and Ravindran, B.},
booktitle={International Conference on Embedded Computer Systems},
series={SAMOS},
title={On STM concurrency control for multicore embedded real-time software},
year={2011},
month={July},
volume={},
number={},
pages={1 -8},
}

@INPROCEEDINGS{684918,
author={Chen, J. and Burns, A.},
booktitle={Proceedings of 10th Euromicro Workshop on Real-Time Systems},
title={Asynchronous data sharing in multiprocessor real-time systems using process consensus},
year={1998},
month={June},
volume={},
number={},
pages={2 -9},
keywords={asynchronous data sharing;data operations;fully asynchronous reader/writer mechanisms;lock based synchronization mechanisms;locking operations;multiprocessor real time systems;priority inversion;process consensus;schedulability;shared data access;timing behaviour;concurrency control;multiprocessing systems;processor scheduling;real-time systems;synchronisation;},
doi={10.1109/EMWRTS.1998.684918},
ISSN={1068-3070},}

@INPROCEEDINGS{1203552,
author={Jing Chen},
booktitle={Proceedings of 23rd International Conference on Distributed Computing Systems Workshops},
title={A loop-free asynchronous data sharing mechanism in multiprocessor real-time systems based on timing properties},
year={2003},
month={May},
volume={},
number={},
pages={ 184 - 190},
keywords={ data buffer access control; data coherence protocol; loop-free asynchronous data sharing; multiprocessor real-time systems; multiwriter data sharing; timestamp ordering; timing properties priority-based scheduling; distributed shared memory systems; multiprocessing systems; processor scheduling; real-time systems;},
doi={10.1109/ICDCSW.2003.1203552},
ISSN={},}

@INPROCEEDINGS{896371,
author={Anderson, J.H. and Holman, P.},
booktitle={Proceedings of Seventh International Conference on Real-Time Computing Systems and Applications},
title={Efficient pure-buffer algorithms for real-time systems},
year={2000},
month={},
volume={},
number={},
pages={57 -64},
keywords={buffer word length;client processes;concurrent read/write operations safety;efficient pure-buffer algorithms;handshaking mechanisms;multi-writer read/write pure-buffers;multiprocessor real-time systems;optimized algorithms;overwritten data;priority-scheduled systems;processor number;quantum-scheduled systems;shared buffers;space complexity;time complexity;wait-free algorithms;buffer storage;computational complexity;distributed algorithms;multiprocessing systems;processor scheduling;real-time systems;safety;},
doi={10.1109/RTCSA.2000.896371},
ISSN={},}

@INPROCEEDINGS{811240,
author={Tsigas, P. and Yi Zhang},
booktitle={Sixth International Conference on Real-Time Computing Systems and Applications},
series={RTCSA '99},
title={Non-blocking data sharing in multiprocessor real-time systems},
year={1999},
month={},
volume={},
number={},
pages={247 -254},
keywords={concurrent real time tasks;lock based protocols;multiple read operations;multiple write;multiprocessor real time systems;non-blocking data sharing;non-blocking protocol;overhead;random task sets;real time tasks;schedulability analysis;schedulability tests;shared data;space requirements;multiprocessing systems;processor scheduling;protocols;real-time systems;},
doi={10.1109/RTCSA.1999.811240},
ISSN={},}

@inproceedings{Gray:1981:TCV:1286831.1286846,
 author = {Gray, Jim},
 title = {The transaction concept: virtues and limitations (invited paper)},
 booktitle = {Proceedings of the seventh international conference on Very Large Data Bases - Volume 7},
 series = {VLDB '1981},
 year = {1981},
 location = {Cannes, France},
 pages = {144--154},
 numpages = {11},
 url = {http://dl.acm.org/citation.cfm?id=1286831.1286846},
 acmid = {1286846},
 publisher = {VLDB Endowment},
} 

@Book{harris.larus.rajwar,
 author    = "Harris. Tim, Larus. James and Rajwar. Ravi",
 title     = "Transactional Memory",
 publisher = "Morgan & Claypool",
 year      =  2010,
 edition   = "2nd"
}

@INPROCEEDINGS{1508449,
author={Hyeonjoong Cho and Binoy Ravindran and Jensen, E.D.},
booktitle={Proceedings of 17th Euromicro Conference on Real-Time Systems},
series={ECRTS' 05},
title={A space-optimal wait-free real-time synchronization protocol},
year={2005},
month={July},
volume={},
number={},
pages={ 79 - 88},
keywords={ SHaRK RTOS kernel; buffer; embedded real-time system; single-writer multiple-reader problem; space optimality; synchronization protocol; wait-free protocol; embedded systems; operating system kernels; protocols; synchronisation;},
doi={10.1109/ECRTS.2005.5},
ISSN={1068-3070},}

@ARTICLE{4079519,
author={Hyeonjoong Cho and Ravindran, B. and Jensen, E.D.},
journal={IEEE Transactions on Computers},
title={Space-Optimal, Wait-Free Real-Time Synchronization},
year={2007},
month={March },
volume={56},
number={3},
pages={373 -384},
keywords={embedded real-time system;nonblocking synchronization;space-optimality;wait-free buffer;wait-free synchronization;embedded systems;scheduling;synchronisation;},
doi={10.1109/TC.2007.51},
ISSN={0018-9340},}

@article{1656921,
  title={Lock-free synchronization for dynamic embedded real-time systems},
  author={Cho, H. and Ravindran, B. and Jensen, E.D.},
  journal={ACM Transactions on Embedded Computing Systems},
  series={TECS},
  volume={9},
  number={3},
  pages={23},
  year={2010},
  publisher={ACM}
}

@inproceedings{Cho:2006:UAP:1141277.1141490,
 author = {Cho, Hyeonjoong and Ravindran, Binoy and Jensen, E. Douglas},
 title = {On utility accrual processor scheduling with wait-free synchronization for embedded real-time software},
 booktitle = {Proceedings of the ACM symposium on Applied computing},
 series = {SAC '06},
 year = {2006},
 isbn = {1-59593-108-2},
 location = {Dijon, France},
 pages = {918--922},
 numpages = {5},
 url = {http://doi.acm.org/10.1145/1141277.1141490},
 doi = {http://doi.acm.org/10.1145/1141277.1141490},
 acmid = {1141490},
 publisher = {ACM},
 address = {New York, NY, USA},
 keywords = {time/utility functions, wait-free synchronization},
} 

@inproceedings{Herlihy:1993:TMA:165123.165164,
 author = {Herlihy, Maurice and Moss, J. Eliot B.},
 title = {Transactional memory: architectural support for lock-free data structures},
 booktitle = {Proceedings of the 20th annual international symposium on computer architecture},
 series = {ISCA '93},
 year = {1993},
 isbn = {0-8186-3810-9},
 location = {San Diego, California, United States},
 pages = {289--300},
 numpages = {12},
 url = {http://doi.acm.org/10.1145/165123.165164},
 doi = {10.1145/165123.165164},
 acmid = {165164},
 publisher = {ACM},
 address = {New York, NY, USA},
}

@inproceedings{Martinez:2002:SSA:605397.605400,
 author = {Mart\'{\i}nez, Jos\'{e} F. and Torrellas, Josep},
 title = {Speculative synchronization: applying thread-level speculation to explicitly parallel applications},
 booktitle = {Proceedings of the 10th international conference on Architectural support for programming languages and operating systems},
 series = {ASPLOS-X},
 year = {2002},
 isbn = {1-58113-574-2},
 location = {San Jose, California},
 pages = {18--29},
 numpages = {12},
 url = {http://doi.acm.org/10.1145/605397.605400},
 doi = {http://doi.acm.org/10.1145/605397.605400},
 acmid = {605400},
 publisher = {ACM},
 address = {New York, NY, USA},
} 

@inproceedings{Oplinger:2002:ESR:605397.605417,
 author = {Oplinger, Jeffrey and Lam, Monica S.},
 title = {Enhancing software reliability with speculative threads},
 booktitle = {Proceedings of the 10th international conference on Architectural support for programming languages and operating systems},
 series = {ASPLOS-X},
 year = {2002},
 isbn = {1-58113-574-2},
 location = {San Jose, California},
 pages = {184--196},
 numpages = {13},
 url = {http://doi.acm.org/10.1145/605397.605417},
 doi = {http://doi.acm.org/10.1145/605397.605417},
 acmid = {605417},
 publisher = {ACM},
 address = {New York, NY, USA},
} 

@inproceedings{Rajwar:2002:TLE:605397.605399,
 author = {Rajwar, Ravi and Goodman, James R.},
 title = {Transactional lock-free execution of lock-based programs},
 booktitle = {Proceedings of the 10th international conference on Architectural support for programming languages and operating systems},
 series = {ASPLOS-X},
 year = {2002},
 isbn = {1-58113-574-2},
 location = {San Jose, California},
 pages = {5--17},
 numpages = {13},
 url = {http://doi.acm.org/10.1145/605397.605399},
 doi = {http://doi.acm.org/10.1145/605397.605399},
 acmid = {605399},
 publisher = {ACM},
 address = {New York, NY, USA},
} 

@inproceedings{ham04,
 author = {Hammond, Lance and Wong, Vicky and Chen, Mike and Carlstrom, Brian D. and Davis, John D. and Hertzberg, Ben and Prabhu, Manohar K. and Wijaya, Honggo and Kozyrakis, Christos and Olukotun, Kunle},
 title = {Transactional Memory Coherence and Consistency},
 booktitle = {Proceedings of the 31st annual international symposium on Computer architecture},
 series = {ISCA '04},
 year = {2004},
 isbn = {0-7695-2143-6},
 pages = {102--},
 url = {http://dl.acm.org/citation.cfm?id=998680.1006711},
 acmid = {1006711},
 publisher = {IEEE Computer Society},
 address = {Washington, DC, USA},
} 

@INPROCEEDINGS{4145102,
author={Dice, Dave and Shavit, Nir},
booktitle={International Symposium on Code Generation and Optimization},
series={CGO '07},
title={Understanding Tradeoffs in Software Transactional Memory},
year={2007},
month={March},
volume={},
number={},
pages={21 -33},
keywords={hybrid hardware-software transactional memories;lock acquisition;memory management;software transactional memory;transactional locking;storage management;},
doi={10.1109/CGO.2007.38},
ISSN={},}

@inproceedings{Dolev:2008:CSC:1400751.1400769,
 author = {Dolev, Shlomi and Hendler, Danny and Suissa, Adi},
 title = {CAR-STM: scheduling-based collision avoidance and resolution for software transactional memory},
 booktitle = {Proceedings of the twenty-seventh ACM symposium on Principles of distributed computing},
 series = {PODC '08},
 year = {2008},
 isbn = {978-1-59593-989-0},
 location = {Toronto, Canada},
 pages = {125--134},
 numpages = {10},
 url = {http://doi.acm.org/10.1145/1400751.1400769},
 doi = {http://doi.acm.org/10.1145/1400751.1400769},
 acmid = {1400769},
 publisher = {ACM},
 address = {New York, NY, USA},
 keywords = {collision avoidance and reduction, contention management, scheduling, synchronization, transactional memory},
} 

@inproceedings{Harris:2003:LSL:949305.949340,
 author = {Harris, Tim and Fraser, Keir},
 title = {Language support for lightweight transactions},
 booktitle = {Proceedings of the 18th annual ACM SIGPLAN conference on Object-oriented programing, systems, languages, and applications},
 series = {OOPSLA '03},
 year = {2003},
 isbn = {1-58113-712-5},
 location = {Anaheim, California, USA},
 pages = {388--402},
 numpages = {15},
 url = {http://doi.acm.org/10.1145/949305.949340},
 doi = {http://doi.acm.org/10.1145/949305.949340},
 acmid = {949340},
 publisher = {ACM},
 address = {New York, NY, USA},
 keywords = {concurrency, conditional critical regions, non-blocking systems, transactions},
}

@article{Harris:2005:CMT:1065944.1065952,
 author = {Harris, Tim and Marlow, Simon and Jones, Simon Peyton and Herlihy, Maurice},
 title = {Composable memory transactions},
 journal = {Commun. ACM},
 volume = {51},
 issue = {8},
 month = {Aug},
 year = {2008},
 issn = {0001-0782},
 pages = {91--100},
 numpages = {10},
 url = {http://doi.acm.org/10.1145/1378704.1378725},
 doi = {http://doi.acm.org/10.1145/1378704.1378725},
 acmid = {1378725},
 publisher = {ACM},
 address = {New York, NY, USA},
} 

@inproceedings{Marathe:2004:DTM:1066650.1066660,
 author = {Marathe, Virendra J. and Scherer, William N. and Scott, Michael L.},
 title = {Design tradeoffs in modern software transactional memory systems},
 booktitle = {Proceedings of the 7th workshop on Workshop on languages, compilers, and run-time support for scalable systems},
 series = {LCR '04},
 year = {2004},
 location = {Houston, Texas},
 pages = {1--7},
 numpages = {7},
 url = {http://doi.acm.org/10.1145/1066650.1066660},
 doi = {http://doi.acm.org/10.1145/1066650.1066660},
 acmid = {1066660},
 publisher = {ACM},
 address = {New York, NY, USA},
} 

@inproceedings{Yoo:2008:ATS:1378533.1378564,
 author = {Yoo, Richard M. and Lee, Hsien-Hsin S.},
 title = {Adaptive transaction scheduling for transactional memory systems},
 booktitle = {Proceedings of the twentieth annual symposium on Parallelism in algorithms and architectures},
 series = {SPAA '08},
 year = {2008},
 isbn = {978-1-59593-973-9},
 location = {Munich, Germany},
 pages = {169--178},
 numpages = {10},
 url = {http://doi.acm.org/10.1145/1378533.1378564},
 doi = {http://doi.acm.org/10.1145/1378533.1378564},
 acmid = {1378564},
 publisher = {ACM},
 address = {New York, NY, USA},
 keywords = {contention intensity, parallelism, performance, transaction effectiveness, transactional memory systems},
} 

@inproceedings{Saha:2006:ASS:1194816.1194838,
 author = {Saha, Bratin and Adl-Tabatabai, Ali-Reza and Jacobson, Quinn},
 title = {Architectural Support for Software Transactional Memory},
 booktitle = {Proceedings of the 39th Annual IEEE/ACM International Symposium on Microarchitecture},
 series = {MICRO 39},
 year = {2006},
 isbn = {0-7695-2732-9},
 pages = {185--196},
 numpages = {12},
 url = {http://dx.doi.org/10.1109/MICRO.2006.9},
 doi = {http://dx.doi.org/10.1109/MICRO.2006.9},
 acmid = {1194838},
 publisher = {IEEE Computer Society},
 address = {Washington, DC, USA},
} 

@inproceedings{Shpeisman:2007:EIO:1250734.1250744,
 author = {Shpeisman, Tatiana and Menon, Vijay and Adl-Tabatabai, Ali-Reza and Balensiefer, Steven and Grossman, Dan and Hudson, Richard L. and Moore, Katherine F. and Saha, Bratin},
 title = {Enforcing isolation and ordering in STM},
 booktitle = {Proceedings of ACM SIGPLAN conference on Programming language design and implementation},
 series = {PLDI '07},
 year = {2007},
 isbn = {978-1-59593-633-2},
 location = {San Diego, California, USA},
 pages = {78--88},
 numpages = {11},
 url = {http://doi.acm.org/10.1145/1250734.1250744},
 doi = {http://doi.acm.org/10.1145/1250734.1250744},
 acmid = {1250744},
 publisher = {ACM},
 address = {New York, NY, USA},
 keywords = {code generation, compiler optimizations, escape analysis, isolation, ordering, strong atomicity, transactional memory, virtual machines, weak atomicity},
} 

@inproceedings{dam06,
 author = {Damron, Peter and Fedorova, Alexandra and Lev, Yossi and Luchangco, Victor and Moir, Mark and Nussbaum, Daniel},
 title = {Hybrid transactional memory},
 booktitle = {Proceedings of the 12th international conference on Architectural support for programming languages and operating systems},
 series = {ASPLOS-XII},
 year = {2006},
 isbn = {1-59593-451-0},
 location = {San Jose, California, USA},
 pages = {336--346},
 numpages = {11},
 url = {http://doi.acm.org/10.1145/1168857.1168900},
 doi = {http://doi.acm.org/10.1145/1168857.1168900},
 acmid = {1168900},
 publisher = {ACM},
 address = {New York, NY, USA},
 keywords = {transactional memory},
} 

@inproceedings{Kumar:2006:HTM:1122971.1123003,
 author = {Kumar, Sanjeev and Chu, Michael and Hughes, Christopher J. and Kundu, Partha and Nguyen, Anthony},
 title = {Hybrid transactional memory},
 booktitle = {Proceedings of the 11th ACM SIGPLAN symposium on Principles and practice of parallel programming},
 series = {PPoPP '06},
 year = {2006},
 isbn = {1-59593-189-9},
 location = {New York, New York, USA},
 pages = {209--220},
 numpages = {12},
 url = {http://doi.acm.org/10.1145/1122971.1123003},
 doi = {http://doi.acm.org/10.1145/1122971.1123003},
 acmid = {1123003},
 publisher = {ACM},
 address = {New York, NY, USA},
 keywords = {architecture support, nonblocking, transactional memory, transactions},
} 

@inproceedings{Minh:2007:EHT:1250662.1250673,
 author = {Minh, Chi Cao and Trautmann, Martin and Chung, JaeWoong and McDonald, Austen and Bronson, Nathan and Casper, Jared and Kozyrakis, Christos and Olukotun, Kunle},
 title = {An effective hybrid transactional memory system with strong isolation guarantees},
 booktitle = {Proceedings of the 34th annual international symposium on Computer architecture},
 series = {ISCA '07},
 year = {2007},
 isbn = {978-1-59593-706-3},
 location = {San Diego, California, USA},
 pages = {69--80},
 numpages = {12},
 url = {http://doi.acm.org/10.1145/1250662.1250673},
 doi = {http://doi.acm.org/10.1145/1250662.1250673},
 acmid = {1250673},
 publisher = {ACM},
 address = {New York, NY, USA},
 keywords = {multi-core architectures, parallel programming, strong isolation, transactional memory},
} 

@inproceedings{Shriraman:2007:IHA:1250662.1250676,
 author = {Shriraman, Arrvindh and Spear, Michael F. and Hossain, Hemayet and Marathe, Virendra J. and Dwarkadas, Sandhya and Scott, Michael L.},
 title = {An integrated hardware-software approach to flexible transactional memory},
 booktitle = {Proceedings of the 34th annual international symposium on Computer architecture},
 series = {ISCA '07},
 year = {2007},
 isbn = {978-1-59593-706-3},
 location = {San Diego, California, USA},
 pages = {104--115},
 numpages = {12},
 url = {http://doi.acm.org/10.1145/1250662.1250676},
 doi = {http://doi.acm.org/10.1145/1250662.1250676},
 acmid = {1250676},
 publisher = {ACM},
 address = {New York, NY, USA},
 keywords = {RSTM, cache coherence, multiprocessors, transactional memory},
} 

@inproceedings{Agrawal:2008:SOT:1378533.1378553,
 author = {Agrawal, Kunal and Lee, I-Ting Angelina and Sukha, Jim},
 title = {Safe open-nested transactions through ownership},
 booktitle = {Proceedings of the twentieth annual symposium on Parallelism in algorithms and architectures},
 series = {SPAA '08},
 year = {2008},
 isbn = {978-1-59593-973-9},
 location = {Munich, Germany},
 pages = {110--112},
 numpages = {3},
 url = {http://doi.acm.org/10.1145/1378533.1378553},
 doi = {http://doi.acm.org/10.1145/1378533.1378553},
 acmid = {1378553},
 publisher = {ACM},
 address = {New York, NY, USA},
 keywords = {abstract serializability, open-nested transactions, ownership types, ownership-aware transactions, serializability by levels, serializability by modules, transactional memory, xmodules},
} 

@inproceedings{Peri:2011:CCE:1946143.1946152,
 author = {Peri, Sathya and Vidyasankar, Krishnamurthy},
 title = {Correctness of concurrent executions of closed nested transactions in transactional memory systems},
 booktitle = {Proceedings of the 12th international conference on Distributed computing and networking},
 series = {ICDCN'11},
 year = {2011},
 isbn = {3-642-17678-X, -540-642-17678-4},
 location = {Bangalore, India},
 pages = {95--106},
 numpages = {12},
 url = {http://dl.acm.org/citation.cfm?id=1946143.1946152},
 acmid = {1946152},
 publisher = {Springer-Verlag},
 address = {Berlin, Heidelberg},
} 

@BOOK{real-time-data-base-systems-book,
  title = {Real-Time Database Systems: Architecture and Techniques},
  publisher = {Kluwer Academic},
  year = {2001},
  editor = {Rajkumar, Ragunathan}
}

@article{liang2003quantification,
  title={A quantification of aborting effect for real-time data accesses},
  author={Liang, M.C. and Kuo, T.W. and Shu, L.C.},
  journal={IEEE Transactions on Computers},
  volume={52},
  number={5},
  pages={670--675},
  year={2003},
  publisher={IEEE}
}

@inproceedings{lam1997concurrency,
  title={Concurrency control for real-time database systems with mixed transactions},
  author={Lam, K.Y. and Kuo, T.W. and Tsang, W.H.},
  booktitle={Proceedings-Fourth International Workshop on Real-Time Computing Systems and Applications},
  pages={96--103},
  year={1997},
  organization={IEEE}
}

@inproceedings{liang1996bap,
  title={BAP: a class of abort-oriented protocols based on the notion of compatibility},
  author={Liang, M.C. and Kuo, T.W. and Shu, L.C.},
  booktitle={Proceedings of Third International Workshop on Real-Time Computing Systems and Applications},
  pages={118--127},
  year={1996},
  organization={IEEE}
}

@inproceedings{xian2009data,
  title={A data-centered transaction scheduling strategy of realtime database in micro-satellite ground test system},
  author={Xian-De, W. and Zhao-Wei, S. and Ze-Jing, X.},
  booktitle={International Conference on Mechatronics and Automation},
  series={ICMA' 09},
  pages={2952--2956},
  year={2009},
  organization={IEEE}
}

@inproceedings{tseng1997adaptive,
  title={An adaptive value-based scheduling policy for multiprocessor real-time database systems},
  author={Tseng, S.M. and Chin, YH and Yang, W.P.},
  booktitle={Proceedings of Eighth International Workshop on Database and Expert Systems Applications},
  pages={254--259},
  year={1997},
  organization={IEEE}
}

@inproceedings{yuehua2010new,
  title={A new multi-dynamic priority real-time database scheduling algorithm},
  author={Yuehua, Z. and Jing, Q.},
  booktitle={2nd International Conference on Computer Engineering and Technology},
  series={ICCET},
  volume={7},
  pages={V7--177},
  year={2010},
  organization={IEEE}
}

@inproceedings{chen2002efficient,
  title={An efficient real-time scheduler for nested transaction models},
  author={Chen, H.R. and Chin, YH},
  booktitle={Proceedings of Ninth International Conference on Parallel and Distributed Systems},
  pages={335--340},
  year={2002},
  organization={IEEE}
}

@inproceedings{chen2002efficient,
  title={An efficient real-time scheduler for nested transaction models},
  author={Chen, H.R. and Chin, YH},
  booktitle={Proceedings of Ninth International Conference on Parallel and Distributed Systems},
  pages={335--340},
  year={2002},
  organization={IEEE}
}

@inproceedings{Spear:2009:CSC:1504176.1504199,
 author = {Spear, Michael F. and Dalessandro, Luke and Marathe, Virendra J. and Scott, Michael L.},
 title = {A comprehensive strategy for contention management in software transactional memory},
 booktitle = {Proceedings of the 14th ACM SIGPLAN symposium on Principles and practice of parallel programming},
 series = {PPoPP '09},
 year = {2009},
 isbn = {978-1-60558-397-6},
 location = {Raleigh, NC, USA},
 pages = {141--150},
 numpages = {10},
 url = {http://doi.acm.org/10.1145/1504176.1504199},
 doi = {http://doi.acm.org/10.1145/1504176.1504199},
 acmid = {1504199},
 publisher = {ACM},
 address = {New York, NY, USA},
 keywords = {condition synchronization, contention management, inevitability, priority, software transactional memory},
} 

@inproceedings{Scherer:2005:ACM:1073814.1073861,
 author = {Scherer,III, William N. and Scott, Michael L.},
 title = {Advanced contention management for dynamic software transactional memory},
 booktitle = {Proceedings of the twenty-fourth annual ACM symposium on Principles of distributed computing},
 series = {PODC '05},
 year = {2005},
 isbn = {1-58113-994-2},
 location = {Las Vegas, NV, USA},
 pages = {240--248},
 numpages = {9},
 url = {http://doi.acm.org/10.1145/1073814.1073861},
 doi = {http://doi.acm.org/10.1145/1073814.1073861},
 acmid = {1073861},
 publisher = {ACM},
 address = {New York, NY, USA},
 keywords = {contention management, obstruction-freedom, synchronization, transactional memory},
} 

@inproceedings{Xian:2008:CSU:1449764.1449778,
 author = {Xian, Feng and Srisa-an, Witawas and Jiang, Hong},
 title = {Contention-aware scheduler: unlocking execution parallelism in multithreaded java programs},
 booktitle = {Proceedings of the 23rd ACM SIGPLAN conference on Object-oriented programming systems languages and applications},
 series = {OOPSLA '08},
 year = {2008},
 isbn = {978-1-60558-215-3},
 location = {Nashville, TN, USA},
 pages = {163--180},
 numpages = {18},
 url = {http://doi.acm.org/10.1145/1449764.1449778},
 doi = {http://doi.acm.org/10.1145/1449764.1449778},
 acmid = {1449778},
 publisher = {ACM},
 address = {New York, NY, USA},
 keywords = {java, operating systems, scheduling},
} 

@inproceedings{Johnson:2010:DCM:1736020.1736035,
 author = {Johnson, F. Ryan and Stoica, Radu and Ailamaki, Anastasia and Mowry, Todd C.},
 title = {Decoupling contention management from scheduling},
 booktitle = {Proceedings of the 15th edition of ASPLOS on Architectural support for programming languages and operating systems},
 series = {ASPLOS '10},
 year = {2010},
 isbn = {978-1-60558-839-1},
 location = {Pittsburgh, Pennsylvania, USA},
 pages = {117--128},
 numpages = {12},
 url = {http://doi.acm.org/10.1145/1736020.1736035},
 doi = {http://doi.acm.org/10.1145/1736020.1736035},
 acmid = {1736035},
 publisher = {ACM},
 address = {New York, NY, USA},
 keywords = {blocking, concurrency control, contention, load management, multicore, scheduling, spinning, threads},
} 

@inproceedings{Blake:2009:PTS:1669112.1669133,
 author = {Blake, Geoffrey and Dreslinski, Ronald G. and Mudge, Trevor},
 title = {Proactive transaction scheduling for contention management},
 booktitle = {Proceedings of the 42nd Annual IEEE/ACM International Symposium on Microarchitecture},
 series = {MICRO 42},
 year = {2009},
 isbn = {978-1-60558-798-1},
 location = {New York, New York},
 pages = {156--167},
 numpages = {12},
 url = {http://doi.acm.org/10.1145/1669112.1669133},
 doi = {http://doi.acm.org/10.1145/1669112.1669133},
 acmid = {1669133},
 publisher = {ACM},
 address = {New York, NY, USA},
 keywords = {hardware transactional memory, proactive scheduling, software runtime},
} 

@inproceedings{Maldonado:2010:SST:1693453.1693465,
 author = {Maldonado, Walther and Marlier, Patrick and Felber, Pascal and Suissa, Adi and Hendler, Danny and Fedorova, Alexandra and Lawall, Julia L. and Muller, Gilles},
 title = {Scheduling support for transactional memory contention management},
 booktitle = {Proceedings of the 15th ACM SIGPLAN Symposium on Principles and Practice of Parallel Programming},
 series = {PPoPP '10},
 year = {2010},
 isbn = {978-1-60558-877-3},
 location = {Bangalore, India},
 pages = {79--90},
 numpages = {12},
 url = {http://doi.acm.org/10.1145/1693453.1693465},
 doi = {http://doi.acm.org/10.1145/1693453.1693465},
 acmid = {1693465},
 publisher = {ACM},
 address = {New York, NY, USA},
 keywords = {contention management, scheduling, transactional memory},
} 

@INPROCEEDINGS{6031129,
author={Kiss, D.K.},
booktitle={2011 3rd IEEE International Symposium on Logistics and Industrial Informatics},
series={LINDI},
title={Intelligent priority ceiling protocol for scheduling},
year={2011},
month={aug.},
volume={},
number={},
pages={105 -110}
}

@article{Moss2006186,
title = "Nested transactional memory: Model and architecture sketches",
journal = "Science of Computer Programming",
volume = "63",
number = "2",
pages = "186 - 201",
year = "2006",
author = "J. Eliot B. Moss and Antony L. Hosking",
}

@article{volos2009nepaltm,
  title={NePalTM: design and implementation of nested parallelism for transactional memory systems},
  author={Volos, H. and Welc, A. and Adl-Tabatabai, A.R. and Shpeisman, T. and Tian, X. and Narayanaswamy, R.},
  journal={ECOOP 2009--Object-Oriented Programming},
  pages={123--147},
  year={2009},
  publisher={Springer}
}

@article{Davis:2011:SHR:1978802.1978814,
 author = {Davis, Robert I. and Burns, Alan},
 title = {A survey of hard real-time scheduling for multiprocessor systems},
 journal = {ACM Comput. Surv.},
 volume = {43},
 number = {4},
 month = oct,
 year = {2011},
 pages = {35:1--35:44},
 publisher = {ACM},
 address = {New York, NY, USA},
}

@CONFERENCE{lcmdac2012,
 author = {Elshambake, Mohammed and Ravindran, Binoy},
 title = {STM Concurrency Control for Embedded Real-Time Software with Tighter Time Bounds},
 booktitle = {DAC '12, "to appear"},
 year = {2012},
}

